@article{Soltoggio17,
  author    = {Andrea Soltoggio and
               Kenneth O. Stanley and
               Sebastian Risi},
  title     = {Born to Learn: the Inspiration, Progress, and Future of Evolved Plastic
               Artificial Neural Networks},
  journal   = {CoRR},
  volume    = {abs/1703.10371},
  year      = {2017},
  url       = {http://arxiv.org/abs/1703.10371},
  archivePrefix = {arXiv},
  eprint    = {1703.10371},
  timestamp = {Wed, 07 Jun 2017 14:42:40 +0200},
  biburl    = {https://dblp.org/rec/bib/journals/corr/SoltoggioSR17},
  bibsource = {dblp computer science bibliography, https://dblp.org}
}

@ARTICLE{sort1,
author={Y. Takefuji and K. C. Lee},
journal={IEEE Transactions on Circuits and Systems},
title={A super-parallel sorting algorithm based on neural networks},
year={1990},
volume={37},
number={11},
pages={1425-1429},
keywords={neural nets;parallel algorithms;parallel architectures;hardware system;neural network parallel algorithm;neural networks;super-parallel sorting algorithm;Circuit noise;Costs;Digital filters;Distributed algorithms;Hardware;Neural networks;Neurons;Parallel algorithms;Sorting;Very large scale integration},
doi={10.1109/31.62417},
ISSN={0098-4094},
month={Nov},}

@INPROCEEDINGS{sort2,
author={W. T. C. Wen-Tsuen Chen and K. R. H. Kuen-Rong Hsieh},
booktitle={1990 IJCNN International Joint Conference on Neural Networks},
title={A neural sorting network with O(1) time complexity},
year={1990},
volume={},
number={},
pages={87-95 vol.1},
keywords={computational complexity;neural nets;sorting;computation time;feedforward;multilayer;neural sorting network;time complexity},
doi={10.1109/IJCNN.1990.137551},
ISSN={},
month={June},}

@article{Graves14,
  author    = {Alex Graves and
               Greg Wayne and
               Ivo Danihelka},
  title     = {Neural Turing Machines},
  journal   = {CoRR},
  volume    = {abs/1410.5401},
  year      = {2014},
  url       = {http://arxiv.org/abs/1410.5401},
  archivePrefix = {arXiv},
  eprint    = {1410.5401},
  timestamp = {Wed, 07 Jun 2017 14:42:19 +0200},
  biburl    = {https://dblp.org/rec/bib/journals/corr/GravesWD14},
  bibsource = {dblp computer science bibliography, https://dblp.org}
}

@article{BaHinton16,
   author = {{Ba}, J. and {Hinton}, G. and {Mnih}, V. and {Leibo}, J.~Z. and
	{Ionescu}, C.},
    title = "{Using Fast Weights to Attend to the Recent Past}",
  journal = {ArXiv e-prints},
archivePrefix = "arXiv",
   eprint = {1610.06258},
 primaryClass = "stat.ML",
 keywords = {Statistics - Machine Learning, Computer Science - Learning, Computer Science - Neural and Evolutionary Computing},
     year = 2016,
    month = oct,
   adsurl = {http://adsabs.harvard.edu/abs/2016arXiv161006258B},
  adsnote = {Provided by the SAO/NASA Astrophysics Data System}
}

@article{Hebb49,
   author = {Donald O. Hebb},
    title = "{The organization of behavior: a neuropsy- chological theory}",
     year = 1949,
}

@article{Martin00,
  author    = {Martin, Stephen J, Grimwood, Paul D, and Morris, Richard GM},
  title     = {Synaptic plasticity and memory: an evaluation of the hypothesis},
  journal   = {Annual review of neuroscience},
  volume    = {23},
  pages     = {649 -- 711},
  year      = {2000},
}

@article{WestonCB14,
  author    = {Jason Weston and
               Sumit Chopra and
               Antoine Bordes},
  title     = {Memory Networks},
  journal   = {CoRR},
  volume    = {abs/1410.3916},
  year      = {2014},
  url       = {http://arxiv.org/abs/1410.3916},
  archivePrefix = {arXiv},
  eprint    = {1410.3916},
  timestamp = {Wed, 07 Jun 2017 14:41:04 +0200},
  biburl    = {https://dblp.org/rec/bib/journals/corr/WestonCB14},
  bibsource = {dblp computer science bibliography, https://dblp.org}
}

@article{GrefenstetteHSB15,
  author    = {Edward Grefenstette and
               Karl Moritz Hermann and
               Mustafa Suleyman and
               Phil Blunsom},
  title     = {Learning to Transduce with Unbounded Memory},
  journal   = {CoRR},
  volume    = {abs/1506.02516},
  year      = {2015},
  url       = {http://arxiv.org/abs/1506.02516},
  archivePrefix = {arXiv},
  eprint    = {1506.02516},
  timestamp = {Wed, 07 Jun 2017 14:42:50 +0200},
  biburl    = {https://dblp.org/rec/bib/journals/corr/GrefenstetteHSB15},
  bibsource = {dblp computer science bibliography, https://dblp.org}
}

@incollection{Thrun98,
  author      = {Sebastian Thrun and Lorien Pratt},
  title       = {Learning to learn: Introduction and Overview},
  editor      = "Thrun, Sebastian and Pratt, Lorien",
  booktitle   = "Learning to Learn",
  publisher   = "Kluwer Academic Publishers",
  address     = "orwell, MA, USA",
  year        = 1998,
  pages       = "3-17"
}

@article{Liu12,
  author    = {Liu, Xu, Ramirez, Steve, Pang, Petti T, Puryear, Corey B, Govindarajan, Arvind, Deisseroth, Karl, and Tonegawa, Susumu},
  title     = {Optogenetic stimulation of a hippocampal engram activates fear memory recall},
  journal   = {Nature},
  volume    = {484},
  year      = {2018},
  pages     = {381-385}
}

@ARTICLE{Oja08,
AUTHOR = {Oja, E. },
TITLE   = {{O}ja learning rule},
YEAR    = {2008},
JOURNAL = {Scholarpedia},
VOLUME  = {3},
NUMBER  = {3},
PAGES   = {3612},
DOI     = {10.4249/scholarpedia.3612},
NOTE    = {revision \#91606}
}

@article{Miconi16,
  author    = {Thomas Miconi},
  title     = {Backpropagation of Hebbian plasticity for lifelong learning},
  journal   = {CoRR},
  volume    = {abs/1609.02228},
  year      = {2016},
  url       = {http://arxiv.org/abs/1609.02228},
  archivePrefix = {arXiv},
  eprint    = {1609.02228},
  timestamp = {Wed, 07 Jun 2017 14:41:42 +0200},
  biburl    = {https://dblp.org/rec/bib/journals/corr/Miconi16a},
  bibsource = {dblp computer science bibliography, https://dblp.org}
}

@incollection{AlexNet,
title = {ImageNet Classification with Deep Convolutional Neural Networks},
author = {Alex Krizhevsky and Sutskever, Ilya and Hinton, Geoffrey E},
booktitle = {Advances in Neural Information Processing Systems 25},
editor = {F. Pereira and C. J. C. Burges and L. Bottou and K. Q. Weinberger},
pages = {1097--1105},
year = {2012},
publisher = {Curran Associates, Inc.},
url = {http://papers.nips.cc/paper/4824-imagenet-classification-with-deep-convolutional-neural-networks.pdf}
}

@article{Mnih13,
  author    = {Volodymyr Mnih and
               Koray Kavukcuoglu and
               David Silver and
               Alex Graves and
               Ioannis Antonoglou and
               Daan Wierstra and
               Martin A. Riedmiller},
  title     = {Playing Atari with Deep Reinforcement Learning},
  journal   = {CoRR},
  volume    = {abs/1312.5602},
  year      = {2013},
  url       = {http://arxiv.org/abs/1312.5602},
  archivePrefix = {arXiv},
  eprint    = {1312.5602},
  timestamp = {Wed, 07 Jun 2017 14:43:06 +0200},
  biburl    = {https://dblp.org/rec/bib/journals/corr/MnihKSGAWR13},
  bibsource = {dblp computer science bibliography, https://dblp.org}
}

@article{AlphaGo,
  author    = {David Silver and
               Thomas Hubert and
               Julian Schrittwieser and
               Ioannis Antonoglou and
               Matthew Lai and
               Arthur Guez and
               Marc Lanctot and
               Laurent Sifre and
               Dharshan Kumaran and
               Thore Graepel and
               Timothy P. Lillicrap and
               Karen Simonyan and
               Demis Hassabis},
  title     = {Mastering Chess and Shogi by Self-Play with a General Reinforcement
               Learning Algorithm},
  journal   = {CoRR},
  volume    = {abs/1712.01815},
  year      = {2017},
  url       = {http://arxiv.org/abs/1712.01815},
  archivePrefix = {arXiv},
  eprint    = {1712.01815},
  timestamp = {Wed, 03 Jan 2018 12:33:17 +0100},
  biburl    = {https://dblp.org/rec/bib/journals/corr/abs-1712-01815},
  bibsource = {dblp computer science bibliography, https://dblp.org}
}

@article{Seq2Seq,
  author    = {Ilya Sutskever and
               Oriol Vinyals and
               Quoc V. Le},
  title     = {Sequence to Sequence Learning with Neural Networks},
  journal   = {CoRR},
  volume    = {abs/1409.3215},
  year      = {2014},
  url       = {http://arxiv.org/abs/1409.3215},
  archivePrefix = {arXiv},
  eprint    = {1409.3215},
  timestamp = {Wed, 07 Jun 2017 14:40:10 +0200},
  biburl    = {https://dblp.org/rec/bib/journals/corr/SutskeverVL14},
  bibsource = {dblp computer science bibliography, https://dblp.org}
}

@article{GoogleTranslation,
  author    = {Yonghui Wu and
               Mike Schuster and
               Zhifeng Chen and
               Quoc V. Le and
               Mohammad Norouzi and
               Wolfgang Macherey and
               Maxim Krikun and
               Yuan Cao and
               Qin Gao and
               Klaus Macherey and
               Jeff Klingner and
               Apurva Shah and
               Melvin Johnson and
               Xiaobing Liu and
               Lukasz Kaiser and
               Stephan Gouws and
               Yoshikiyo Kato and
               Taku Kudo and
               Hideto Kazawa and
               Keith Stevens and
               George Kurian and
               Nishant Patil and
               Wei Wang and
               Cliff Young and
               Jason Smith and
               Jason Riesa and
               Alex Rudnick and
               Oriol Vinyals and
               Greg Corrado and
               Macduff Hughes and
               Jeffrey Dean},
  title     = {Google's Neural Machine Translation System: Bridging the Gap between
               Human and Machine Translation},
  journal   = {CoRR},
  volume    = {abs/1609.08144},
  year      = {2016},
  url       = {http://arxiv.org/abs/1609.08144},
  archivePrefix = {arXiv},
  eprint    = {1609.08144},
  timestamp = {Thu, 01 Mar 2018 22:53:14 +0100},
  biburl    = {https://dblp.org/rec/bib/journals/corr/WuSCLNMKCGMKSJL16},
  bibsource = {dblp computer science bibliography, https://dblp.org}
}


@article{Barak07,
    author = {Barak, Omri AND Tsodyks, Misha},
    journal = {PLOS Computational Biology},
    publisher = {Public Library of Science},
    title = {Persistent Activity in Neural Networks with Dynamic Synapses},
    year = {2007},
    month = {02},
    volume = {3},
    url = {https://doi.org/10.1371/journal.pcbi.0030035},
    pages = {1-1},
    number = {2},
    doi = {10.1371/journal.pcbi.0030035}
}

@article{BahdanauCB14,
  author    = {Dzmitry Bahdanau and
               Kyunghyun Cho and
               Yoshua Bengio},
  title     = {Neural Machine Translation by Jointly Learning to Align and Translate},
  journal   = {CoRR},
  volume    = {abs/1409.0473},
  year      = {2014},
  url       = {http://arxiv.org/abs/1409.0473},
  archivePrefix = {arXiv},
  eprint    = {1409.0473},
  timestamp = {Wed, 07 Jun 2017 14:40:19 +0200},
  biburl    = {https://dblp.org/rec/bib/journals/corr/BahdanauCB14},
  bibsource = {dblp computer science bibliography, https://dblp.org}
}

@article{KingmaB14,
  author    = {Diederik P. Kingma and
               Jimmy Ba},
  title     = {Adam: {A} Method for Stochastic Optimization},
  journal   = {CoRR},
  volume    = {abs/1412.6980},
  year      = {2014},
  url       = {http://arxiv.org/abs/1412.6980},
  archivePrefix = {arXiv},
  eprint    = {1412.6980},
  timestamp = {Wed, 07 Jun 2017 14:40:52 +0200},
  biburl    = {https://dblp.org/rec/bib/journals/corr/KingmaB14},
  bibsource = {dblp computer science bibliography, https://dblp.org}
}

@article{Abbott04,
author = {F Abbott, L and Regehr, Wade},
year = {2004},
month = {11},
pages = {796-803},
title = {Synaptic computation},
volume = {431},
booktitle = {Nature}
}

@article{Tsodyks98,
 author = {Tsodyks, Misha and Pawelzik, Klaus and Markram, Henry},
 title = {Neural Networks with Dynamic Synapses},
 journal = {Neural Comput.},
 issue_date = {May 15,1998},
 volume = {10},
 number = {4},
 month = may,
 year = {1998},
 issn = {0899-7667},
 pages = {821--835},
 numpages = {15},
 url = {http://dx.doi.org/10.1162/089976698300017502},
 doi = {10.1162/089976698300017502},
 acmid = {289651},
 publisher = {MIT Press},
 address = {Cambridge, MA, USA},
}

@article{Hochreiter97,
author = { Sepp Hochreiter  and  JÃŒrgen Schmidhuber },
title = {Long Short-Term Memory},
journal = {Neural Computation},
volume = {9},
number = {8},
pages = {1735-1780},
year = {1997},
doi = {10.1162/neco.1997.9.8.1735},

URL = {
        https://doi.org/10.1162/neco.1997.9.8.1735

},
eprint = {
        https://doi.org/10.1162/neco.1997.9.8.1735

}
}


@article{Siegelmann95,
title = "On the Computational Power of Neural Nets",
journal = "Journal of Computer and System Sciences",
volume = "50",
number = "1",
pages = "132 - 150",
year = "1995",
issn = "0022-0000",
doi = "https://doi.org/10.1006/jcss.1995.1013",
url = "http://www.sciencedirect.com/science/article/pii/S0022000085710136",
author = "H.T. Siegelmann and E.D. Sontag"
}

@article{Miconi18,
  author    = {Thomas Miconi and
               Jeff Clune and
               Kenneth O. Stanley},
  title     = {Differentiable plasticity: training plastic neural networks with backpropagation},
  journal   = {CoRR},
  volume    = {abs/1804.02464},
  year      = {2018},
  url       = {http://arxiv.org/abs/1804.02464},
  archivePrefix = {arXiv},
  eprint    = {1804.02464},
  timestamp = {Tue, 01 May 2018 19:46:29 +0200},
  biburl    = {https://dblp.org/rec/bib/journals/corr/abs-1804-02464},
  bibsource = {dblp computer science bibliography, https://dblp.org}
}
